@article{DBLP:journals/corr/abs-1912-12693,
  author    = {Davide Bacciu and
               Federico Errica and
               Alessio Micheli and
               Marco Podda},
  title     = {A Gentle Introduction to Deep Learning for Graphs},
  journal   = {CoRR},
  volume    = {abs/1912.12693},
  year      = {2019},
  url       = {http://arxiv.org/abs/1912.12693},
  eprinttype = {arXiv},
  eprint    = {1912.12693},
  timestamp = {Sat, 04 Jan 2020 19:40:16 +0100},
  biburl    = {https://dblp.org/rec/journals/corr/abs-1912-12693.bib},
  bibsource = {dblp computer science bibliography, https://dblp.org}
},
@article{DBLP:journals/corr/abs-1709-05584,
  author    = {William L. Hamilton and
               Rex Ying and
               Jure Leskovec},
  title     = {Representation Learning on Graphs: Methods and Applications},
  journal   = {CoRR},
  volume    = {abs/1709.05584},
  year      = {2017},
  url       = {http://arxiv.org/abs/1709.05584},
  eprinttype = {arXiv},
  eprint    = {1709.05584},
  timestamp = {Mon, 13 Aug 2018 16:48:34 +0200},
  biburl    = {https://dblp.org/rec/journals/corr/abs-1709-05584.bib},
  bibsource = {dblp computer science bibliography, https://dblp.org}
},
@inproceedings{kipf2017semi,
  title={Semi-Supervised Classification with Graph Convolutional Networks},
  author={Kipf, Thomas N. and Welling, Max},
  booktitle={International Conference on Learning Representations (ICLR)},
  year={2017}
}
